@article{pilbratt2010herschel,
  title={{Herschel Space Observatory-An ESA facility for far-infrared and submillimetre astronomy}},
  author={Pilbratt, GL and Riedinger, JR and Passvogel, T and Crone, G and Doyle, D and Gageur, U and Heras, AM and Jewell, C and Metcalfe, L and Ott, S and others},
  journal={Astronomy \& Astrophysics},
  volume={518},
  pages={L1},
  year={2010},
  publisher={EDP Sciences}
}

@article{griffin2010herschel,
  title={The {Herschel-SPIRE} instrument and its in-flight performance},
  author={Griffin, MJ and Hristov, V and Lange, AE and Latter, W and Levenson, L and Lu, N and Schulz, B and Schwartz, A and Shupe, DL and Xu, CK and others},
  journal={Astronomy and Astrophysics},
  volume={518},
  pages={L3},
  year={2010},
  publisher={EDP Sciences}
}

@article{planck1914theory,
  title={The theory of heat radiation},
  author={Planck, MKEL},
  journal={Masius (Blackiston, Philadelphia, 1914), Sec},
  volume={164},
  pages={175},
  year={1914}
}

@article{wien1897,
  title={{On the division of energy in the emission-spectrum of a black body}},
  author={Wien, Willy},
  journal={The London, Edinburgh, and Dublin Philosophical Magazine and Journal of Science},
  volume={43},
  number={262},
  pages={214--220},
  year={1897},
  publisher={Taylor \& Francis}
}

@article{rayleigh1880v,
  title={{V. Investigations in optics, with special reference to the spectroscope}},
  author={Rayleigh, Lord},
  journal={The London, Edinburgh, and Dublin Philosophical Magazine and Journal of Science},
  volume={9},
  number={53},
  pages={40--55},
  year={1880},
  publisher={Taylor \& Francis}
}

@book{janesick2001scientific,
  title={Scientific charge-coupled devices},
  author={Janesick, James R},
  volume={117},
  year={2001},
  publisher={SPIE press Bellingham}
}

@inproceedings{stahl2011update,
  title={{Update on parametric cost models for space telescopes}},
  author={Stahl, H Philip and Henrichs, Todd and Luedtke, Alexander and West, Miranda},
  booktitle={SPIE Optical Engineering+ Applications},
  pages={81460F--81460F},
  year={2011},
  organization={International Society for Optics and Photonics}
}

@article{aumann1990maximum,
  title={{A maximum correlation method for image construction of IRAS survey data}},
  author={Aumann, HH and Fowler, John W and Melnyk, Michael},
  journal={The Astronomical Journal},
  volume={99},
  pages={1674--1681},
  year={1990}
}

@article{lucy1974iterative,
  title={{An iterative technique for the rectification of observed distributions}},
  author={Lucy, Leon B},
  journal={The astronomical journal},
  volume={79},
  pages={745},
  year={1974}
}

@MISC{bolometerSchematic,
    title={{Bolometer conceptual schematic}},
    author={D.F. Santavicca},
    year = {2012},
    urldate = {2015-3-10},
    note={\url{http://commons.wikimedia.org/wiki/File:Bolometer\_conceptual\_schematic.svg#/media/File:Bolometer\_conceptual\_schematic.svg}},
    url={\url{http://commons.wikimedia.org/wiki/File:Bolometer\_conceptual\_schematic.svg\#/media/File\:Bolometer\_conceptual\_schematic.svg}}
}

@article{werner2004spitzer,
  title={{The Spitzer space telescope mission}},
  author={Werner, MW and Roellig, TL and Low, FJ and Rieke, GH and Rieke, M and Hoffmann, WF and Young, E and Houck, JR and Brandl, B and Fazio, GG and others},
  journal={The Astrophysical Journal Supplement Series},
  volume={154},
  number={1},
  pages={1},
  year={2004},
  publisher={IOP Publishing}
}
@article{HIPE,
    title={{Herschel Interactive Processing Environment}},
    author={S. Ott},
    year={2010},
    journal={ASP Conference Series, 434, 139}
}

@book{ozaktas2001fractional,
  title={{The fractional Fourier transform}},
  author={Ozaktas, Haldun M and Zalevsky, Zeev and Kutay, M Alper},
  year={2001},
  publisher={Wiley, Chichester}
}

@article{robitaille2013astropy,
  title={{Astropy: A community Python package for astronomy}},
  author={Robitaille, Thomas P and Tollerud, Erik J and Greenfield, Perry and Droettboom, Michael and Bray, Erik and Aldcroft, Tom and Davis, Matt and Ginsburg, Adam and Price-Whelan, Adrian M and Kerzendorf, Wolfgang E and others},
  journal={Astronomy \& Astrophysics},
  volume={558},
  pages={A33},
  year={2013},
  publisher={EDP Sciences}
}

@Article{Hunter:2007,
  Author    = {Hunter, J. D.},
  Title     = {{Matplotlib: A 2D graphics environment}},
  Journal   = {Computing In Science \& Engineering},
  Volume    = {9},
  Number    = {3},
  Pages     = {90--95},
  abstract  = {Matplotlib is a 2D graphics package used for Python
  for application development, interactive scripting, and
  publication-quality image generation across user
  interfaces and operating systems.},
  publisher = {IEEE COMPUTER SOC},
  year      = {2007}
}

@article{van2011numpy,
  title={{The NumPy array: a structure for efficient numerical computation}},
  author={Van Der Walt, Stefan and Colbert, S Chris and Varoquaux, Gael},
  journal={Computing in Science \& Engineering},
  volume={13},
  number={2},
  pages={22--30},
  year={2011},
  publisher={AIP Publishing}
}

@article{welch1967use,
  title={{The use of fast Fourier transform for the estimation of power spectra: a method based on time averaging over short, modified periodograms}},
  author={Welch, Peter},
  journal={IEEE Transactions on audio and electroacoustics},
  pages={70--73},
  year={1967}
}

@book{katznelson2004introduction,
  title={An introduction to harmonic analysis},
  author={Katznelson, Yitzhak},
  year={2004},
  publisher={Cambridge University Press}
}

@misc{handbook2014herschel,
  title={{The Spectral and Photometric Imaging
Receiver (SPIRE) Handbook}},
  author={Ivan Valtchanov},
  publisher={Herschel Science Centre},
  year={2014},
  version={HERSCHEL-DOC-0798, 2.5}
}

@book{cover2012elements,
  title={{Elements of information theory}},
  author={Cover, Thomas M and Thomas, Joy A},
  year={2012},
  publisher={John Wiley \& Sons}
}

@article{shannon2001mathematical,
  title={{A mathematical theory of communication}},
  author={Shannon, Claude Elwood},
  journal={ACM SIGMOBILE Mobile Computing and Communications Review},
  volume={5},
  number={1},
  pages={3--55},
  year={2001},
  publisher={ACM}
}

@article{neugebauer1984infrared,
  title={The infrared astronomical satellite (IRAS) mission},
  author={Neugebauer, G and Habing, HJ and Van Duinen, R and Aumann, HH and Baud, B and Beichman, CA and Beintema, DA and Boggess, N and Clegg, PE and De Jong, T and others},
  journal={The Astrophysical Journal},
  volume={278},
  pages={L1--L6},
  year={1984}
}

@article{hildebrand1983determination,
  title={The determination of cloud masses and dust characteristics from submillimetre thermal emission},
  author={Hildebrand, Roger H},
  journal={Quarterly Journal of the Royal Astronomical Society},
  volume={24},
  pages={267},
  year={1983}
}

@book{houghton2002physics,
  title={The physics of atmospheres},
  author={Houghton, John},
  year={2002},
  publisher={Cambridge University Press}
}
